<?xml version="1.0" encoding="UTF-8"?><collection xmlns="http://www.loc.gov/MARC21/slim"><record><leader>00603nam--2200205-i-4500</leader><controlfield tag="001">000014335</controlfield><controlfield tag="002">20161230</controlfield><controlfield tag="005">20161230201030</controlfield><controlfield tag="008">060222s1000------------r-----000-0-ger-d</controlfield><datafield ind1=" " ind2=" " tag="040"><subfield code="a">IFIN-HH</subfield></datafield><datafield ind1=" " ind2=" " tag="041"><subfield code="a">ger</subfield></datafield><datafield ind1=" " ind2=" " tag="080"><subfield code="a">539.93:537.222.22</subfield></datafield><datafield ind1="1" ind2=" " tag="100"><subfield code="a">Hamann, C</subfield></datafield><datafield ind1=" " ind2=" " tag="245"><subfield code="a">Organische leiter, halbeiter und photoleiter. mit 68 abbildungen und 18 tabellen</subfield><subfield code="c">C.hamann, j.heim, h.burghardt</subfield></datafield><datafield ind1=" " ind2=" " tag="260"><subfield code="a">Berlin</subfield><subfield code="b">Akademie-verlag</subfield><subfield code="c">1980</subfield></datafield><datafield ind1=" " ind2=" " tag="300"><subfield code="a">195 P</subfield></datafield><datafield ind1=" " ind2=" " tag="490"><subfield code="a">Wissenschaftliche Taschenbucher</subfield><subfield code="v">Band 252</subfield></datafield><datafield ind1="1" ind2=" " tag="700"><subfield code="a">Burghardt, H</subfield></datafield><datafield ind1=" " ind2=" " tag="852"><subfield code="a">70731</subfield><subfield code="c">539.2</subfield></datafield><datafield ind1=" " ind2=" " tag="CAT"><subfield code="a">Sys</subfield><subfield code="c">20121106</subfield><subfield code="h">144708</subfield></datafield></record></collection>